@misc{nystrom,
  author = {Nystrom, Robert},
  title = {Crafting Interpreters},
  url = {https://craftinginterpreters.com/}
}

@misc{bracha,
  author = {Bracha, Gilad},
  title = {Pluggable type systems},
  url = {https://bracha.org/pluggableTypesPosition.pdf},
  month = {Oct},
  year = {2004}
}

@misc{gtk+,
  title = {GTK+ Reference Manual},
  url = {https://developer-old.gnome.org/gtk3/stable/}
}

@misc{gtksourceview,
  title = {GtkSourceView Reference Manual},
  utl = {https://developer-old.gnome.org/gtksourceview/stable/}
}
