@misc{nystrom,
  title={Parsing expressions},
  url={https://craftinginterpreters.com/parsing-expressions.html#recursive-descent-parsing},
  journal={Parsing Expressions · Crafting Interpreters},
  author={Nystrom, Robert}
}

@article{bracha_2004,
  journal={Pluggable Type Systems},
  author={Bracha, Gilad},
  day={27},
  month={10},
  year={2004}
}

@misc{gtk+,
  title={Part I. gtk+ overview},
  url={https://developer-old.gnome.org/gtk3/stable/gtk.html},
  journal={Part I. GTK+ Overview: GTK+ 3 Reference Manual}
}

@misc{mdn,
  title={Number.MAX\_SAFE\_INTEGER - JavaScript: MDN},
  url={https://developer.mozilla.org/en-US/docs/Web/JavaScript/Reference/Global\_Objects/Number/MAX\_SAFE\_INTEGER},
  journal={JavaScript | MDN}
}

@misc{peters_2004,
  title={Python enhancement proposals},
  url={https://peps.python.org/pep-0020/},
  journal={PEP 20 – The Zen of Python},
  author={Peters, Tim},
  day={19},
  month={8},
  year={2004}
}

@misc{identifier-syntax,
  title={Unicode identifier and pattern syntax},
  url={https://unicode.org/reports/tr31/},
  journal={UAX \#31: Unicode Identifier and Pattern Syntax}
}
